%% This BibTeX bibliography file was created using BibDesk.
%% http://bibdesk.sourceforge.net/


%% Created for Rene Hiemstra at 2015-08-15 15:53:58 -0500 


%% Saved with string encoding Unicode (UTF-8) 



@article{Bezanson:2012,
	Author = {Bezanson, Jeff and Karpinski, Stefan and Shah, Viral B and Edelman, Alan},
	Date-Added = {2015-08-15 20:53:42 +0000},
	Date-Modified = {2015-08-15 20:53:57 +0000},
	Journal = {arXiv preprint arXiv:1209.5145},
	Title = {Julia: A fast dynamic language for technical computing},
	Year = {2012}}

@book{Piegl:2012,
	Author = {Piegl, Les and Tiller, Wayne},
	Date-Added = {2015-08-15 20:01:31 +0000},
	Date-Modified = {2015-08-15 20:01:48 +0000},
	Publisher = {Springer Science \&amp; Business Media},
	Title = {The NURBS book},
	Year = {2012}}

@article{Hughes:2008,
	Author = {Hughes, Thomas JR and Reali, A and Sangalli, G},
	Date-Added = {2015-08-15 19:56:45 +0000},
	Date-Modified = {2015-08-15 19:57:01 +0000},
	Journal = {Computer methods in applied mechanics and engineering},
	Number = {49},
	Pages = {4104--4124},
	Publisher = {Elsevier},
	Title = {Duality and unified analysis of discrete approximations in structural dynamics and wave propagation: comparison of p-method finite elements with k-method NURBS},
	Volume = {197},
	Year = {2008}}

@article{Cottrell:2007,
	Author = {Cottrell, JA and Hughes, TJR and Reali, A},
	Date-Added = {2015-08-15 19:53:06 +0000},
	Date-Modified = {2015-08-15 19:53:25 +0000},
	Journal = {Computer methods in applied mechanics and engineering},
	Number = {41},
	Pages = {4160--4183},
	Publisher = {Elsevier},
	Title = {Studies of refinement and continuity in isogeometric structural analysis},
	Volume = {196},
	Year = {2007}}

@book{Farin:1999,
	Author = {Farin, Gerald E},
	Date-Added = {2015-08-15 19:50:28 +0000},
	Date-Modified = {2015-08-15 19:50:41 +0000},
	Publisher = {AK Peters, Ltd.},
	Title = {NURBS: from projective geometry to practical use},
	Year = {1999}}

@book{Schumaker:2007,
	Author = {Schumaker, Larry},
	Date-Added = {2015-08-15 19:41:10 +0000},
	Date-Modified = {2015-08-15 19:41:27 +0000},
	Publisher = {Cambridge University Press},
	Title = {Spline functions: basic theory},
	Year = {2007}}

@article{Schillinger:2014,
	Author = {Schillinger, Dominik and Hossain, Shaikh J and Hughes, Thomas JR},
	Date-Added = {2015-06-30 13:53:05 +0000},
	Date-Modified = {2015-06-30 14:01:47 +0000},
	Journal = {Computer Methods in Applied Mechanics and Engineering},
	Pages = {1--45},
	Publisher = {Elsevier},
	Title = {Reduced B{\'e}zier element quadrature rules for quadratic and cubic splines in isogeometric analysis},
	Volume = {277},
	Year = {2014}}

@article{Schillinger:2013,
	Author = {Schillinger, Dominik and Evans, John A and Reali, Alessandro and Scott, Michael A and Hughes, Thomas JR},
	Date-Added = {2015-06-30 13:52:19 +0000},
	Date-Modified = {2015-06-30 14:00:38 +0000},
	Journal = {Computer Methods in Applied Mechanics and Engineering},
	Pages = {170--232},
	Publisher = {Elsevier},
	Title = {Isogeometric collocation: Cost comparison with Galerkin methods and extension to adaptive hierarchical NURBS discretizations},
	Volume = {267},
	Year = {2013}}

@article{Rypl:2012,
	Author = {Rypl, D and Patz{\'a}k, B},
	Date-Added = {2015-06-30 13:51:56 +0000},
	Date-Modified = {2015-06-30 13:59:43 +0000},
	Journal = {Engineering Mechanics},
	Pages = {304},
	Title = {Study of computational efficiency of numerical quadrature schemes in the isogeometric analysis},
	Year = {2012}}

@article{Melenk:2001,
	Author = {Melenk, Jens M and Gerdes, Klaus and Schwab, Christoph},
	Date-Added = {2015-06-30 13:51:34 +0000},
	Date-Modified = {2015-06-30 13:54:18 +0000},
	Journal = {Computer Methods in Applied Mechanics and Engineering},
	Number = {32},
	Pages = {4339--4364},
	Publisher = {Elsevier},
	Title = {Fully discrete hp-finite elements: Fast quadrature},
	Volume = {190},
	Year = {2001}}

@article{Mantzaflaris:2015,
	Author = {Mantzaflaris, Angelos and J{\"u}ttler, Bert},
	Date-Added = {2015-06-30 13:51:02 +0000},
	Date-Modified = {2015-06-30 14:02:38 +0000},
	Journal = {Computer Methods in Applied Mechanics and Engineering},
	Pages = {373--400},
	Publisher = {Elsevier},
	Title = {Integration by interpolation and look-up for Galerkin-based isogeometric analysis},
	Volume = {284},
	Year = {2015}}

@incollection{Mantzaflaris:2014,
	Author = {Mantzaflaris, Angelos and J{\"u}ttler, Bert},
	Booktitle = {Mathematical Methods for Curves and Surfaces},
	Date-Added = {2015-06-30 13:50:32 +0000},
	Date-Modified = {2015-06-30 14:01:24 +0000},
	Pages = {364--382},
	Publisher = {Springer},
	Title = {Exploring matrix generation strategies in isogeometric analysis},
	Year = {2014}}

@article{Ma:1996,
	Author = {Ma, J and Rokhlin, V and Wandzura, Stephen},
	Date-Added = {2015-06-30 13:50:11 +0000},
	Date-Modified = {2015-06-30 13:53:53 +0000},
	Journal = {SIAM Journal on Numerical Analysis},
	Number = {3},
	Pages = {971--996},
	Publisher = {SIAM},
	Title = {Generalized Gaussian quadrature rules for systems of arbitrary functions},
	Volume = {33},
	Year = {1996}}

@article{Karatarakis:2014,
	Author = {Karatarakis, A and Karakitsios, P and Papadrakakis, M},
	Date-Added = {2015-06-30 13:49:44 +0000},
	Date-Modified = {2015-06-30 14:01:36 +0000},
	Journal = {Computer Methods in Applied Mechanics and Engineering},
	Pages = {334--355},
	Publisher = {Elsevier},
	Title = {GPU accelerated computation of the isogeometric analysis stiffness matrix},
	Volume = {269},
	Year = {2014}}

@article{Hughes:2010,
	Author = {Hughes, Thomas JR and Reali, A and Sangalli, G},
	Date-Added = {2015-06-30 13:49:24 +0000},
	Date-Modified = {2015-06-30 13:58:11 +0000},
	Journal = {Computer methods in applied mechanics and engineering},
	Number = {5},
	Pages = {301--313},
	Publisher = {Elsevier},
	Title = {Efficient quadrature for NURBS-based isogeometric analysis},
	Volume = {199},
	Year = {2010}}

@article{Cheng:1999,
	Author = {Cheng, H and Rokhlin, V and Yarvin, Norman},
	Date-Added = {2015-06-30 13:48:51 +0000},
	Date-Modified = {2015-06-30 13:54:05 +0000},
	Journal = {SIAM Journal on Optimization},
	Number = {4},
	Pages = {901--923},
	Publisher = {SIAM},
	Title = {Nonlinear optimization, quadrature, and interpolation},
	Volume = {9},
	Year = {1999}}

@article{Calabro:2015,
	Author = {Calabr{\`o}, Francesco and Manni, Carla and Pitolli, Francesca},
	Date-Added = {2015-06-30 13:48:27 +0000},
	Date-Modified = {2015-06-30 14:01:59 +0000},
	Journal = {Applied Numerical Mathematics},
	Pages = {168--189},
	Publisher = {Elsevier},
	Title = {Computation of quadrature rules for integration with respect to refinable functions on assigned nodes},
	Volume = {90},
	Year = {2015}}

@inproceedings{Calabro:2013,
	Author = {Calabro, F and Manni, C},
	Booktitle = {Proc. of the 3rd South-East European Conference on Computational Mechanics (SEECCM)},
	Date-Added = {2015-06-30 13:47:51 +0000},
	Date-Modified = {2015-06-30 14:00:50 +0000},
	Title = {The choice of quadrature in NURBS-based isogeometric analysis},
	Year = {2013}}

@article{Bouclier:2013,
	Author = {Bouclier, Robin and Elguedj, Thomas and Combescure, Alain},
	Date-Added = {2015-06-30 13:47:00 +0000},
	Date-Modified = {2015-06-30 14:00:26 +0000},
	Journal = {Computer Methods in Applied Mechanics and Engineering},
	Pages = {86--110},
	Publisher = {Elsevier},
	Title = {Efficient isogeometric NURBS-based solid-shell elements: Mixed formulation and-method},
	Volume = {267},
	Year = {2013}}

@article{Borden:2011,
	Author = {Borden, Michael J and Scott, Michael A and Evans, John A and Hughes, Thomas JR},
	Date-Added = {2015-06-30 13:45:40 +0000},
	Date-Modified = {2015-06-30 13:58:48 +0000},
	Journal = {International Journal for Numerical Methods in Engineering},
	Number = {1-5},
	Pages = {15--47},
	Publisher = {Wiley Online Library},
	Title = {Isogeometric finite element data structures based on B{\'e}zier extraction of NURBS},
	Volume = {87},
	Year = {2011}}

@article{DaVeiga:2011,
	Author = {da Veiga, L Beirao and Buffa, Annalisa and Rivas, J and Sangalli, Giancarlo},
	Date-Added = {2015-06-30 13:44:59 +0000},
	Date-Modified = {2015-06-30 13:59:10 +0000},
	Journal = {Numerische Mathematik},
	Number = {2},
	Pages = {271--305},
	Publisher = {Springer},
	Title = {Some estimates for h--p--k-refinement in Isogeometric Analysis},
	Volume = {118},
	Year = {2011}}

@article{Bazilevs:2006,
	Author = {Bazilevs, Yuri and Beirao da Veiga, L and Cottrell, J Austin and Hughes, Thomas JR and Sangalli, Giancarlo},
	Date-Added = {2015-06-30 13:44:37 +0000},
	Date-Modified = {2015-06-30 13:57:54 +0000},
	Journal = {Mathematical Models and Methods in Applied Sciences},
	Number = {07},
	Pages = {1031--1090},
	Publisher = {World Scientific},
	Title = {Isogeometric analysis: approximation, stability and error estimates for h-refined meshes},
	Volume = {16},
	Year = {2006}}

@article{Bartovn:2015a,
	Author = {Barto{\v{n}}, Michael and Ait-Haddou, Rachid and Calo, Victor Manuel},
	Date-Added = {2015-06-30 13:43:45 +0000},
	Date-Modified = {2015-06-30 14:45:29 +0000},
	Journal = {arXiv preprint arXiv:1503.00907},
	Title = {Gaussian quadrature rules for $ C^{1}$ quintic splines},
	Year = {2015}}

@article{Bartovn:2015b,
	Author = {Barto{\v{n}}, Michael and Calo, Victor Manuel},
	Date-Added = {2015-06-30 13:43:45 +0000},
	Date-Modified = {2015-06-30 14:45:29 +0000},
	Journal = {arXiv preprint arXiv::1505.04391},
	Title = {Gaussian quadrature for splines via homotopy continuation: rules for $C^2$ cubic splines},
	Year = {2015}}

@article{Auricchio:2012,
	Author = {Auricchio, F and Calabro, Francesco and Hughes, TJR and Reali, A and Sangalli, G},
	Date-Added = {2015-06-30 13:43:02 +0000},
	Date-Modified = {2015-06-30 13:59:23 +0000},
	Journal = {Computer Methods in Applied Mechanics and Engineering},
	Pages = {15--27},
	Publisher = {Elsevier},
	Title = {A simple algorithm for obtaining nearly optimal quadrature rules for NURBS-based isogeometric analysis},
	Volume = {249},
	Year = {2012}}

@article{Auricchio:2010,
	Author = {Auricchio, F and Da Veiga, L Beirao and Hughes, TJR and Reali, A\_ and Sangalli, G},
	Date-Added = {2015-06-30 13:42:31 +0000},
	Date-Modified = {2015-06-30 13:58:23 +0000},
	Journal = {Mathematical Models and Methods in Applied Sciences},
	Number = {11},
	Pages = {2075--2107},
	Publisher = {World Scientific},
	Title = {Isogeometric collocation methods},
	Volume = {20},
	Year = {2010}}

@article{Antolin:2015,
	Author = {Antolin, P and Buffa, A and Calabro, F and Martinelli, M and Sangalli, G},
	Date-Added = {2015-06-30 13:41:41 +0000},
	Date-Modified = {2015-06-30 14:02:09 +0000},
	Journal = {Computer Methods in Applied Mechanics and Engineering},
	Pages = {817--828},
	Publisher = {Elsevier},
	Title = {Efficient matrix computation for tensor-product isogeometric analysis: The use of sum factorization},
	Volume = {285},
	Year = {2015}}

@article{Haddou:2014,
	Author = {Ait-Haddou, Rachid and Barto{\v{n}}, Michael and Calo, Victor Manuel},
	Date-Added = {2015-06-30 13:41:17 +0000},
	Date-Modified = {2015-06-30 14:01:10 +0000},
	Journal = {arXiv preprint arXiv:1410.7196},
	Title = {Explicit Gaussian quadrature rules for cubic splines with non-uniform knot sequences},
	Year = {2014}}

@article{Ainsworth:2011,
	Author = {Ainsworth, Mark and Andriamaro, Gaelle and Davydov, Oleg},
	Date-Added = {2015-06-30 13:40:52 +0000},
	Date-Modified = {2015-06-30 13:58:37 +0000},
	Journal = {SIAM Journal on Scientific Computing},
	Number = {6},
	Pages = {3087--3109},
	Publisher = {SIAM},
	Title = {Bernstein-B{\'e}zier finite elements of arbitrary order and optimal assembly procedures},
	Volume = {33},
	Year = {2011}}

@book{Hughes:2012,
	Author = {Hughes, Thomas JR},
	Date-Added = {2015-06-30 13:40:39 +0000},
	Date-Modified = {2015-06-30 14:00:02 +0000},
	Publisher = {Courier Corporation},
	Title = {The finite element method: linear static and dynamic finite element analysis},
	Year = {2012}}

@article{Adam:2015,
	Author = {Adam, C and Hughes, TJR and Bouabdallah, S and Zarroug, M and Maitournam, H},
	Date-Added = {2015-06-30 13:39:56 +0000},
	Date-Modified = {2015-06-30 14:02:50 +0000},
	Journal = {Computer Methods in Applied Mechanics and Engineering},
	Pages = {732--761},
	Publisher = {Elsevier},
	Title = {Selective and reduced numerical integrations for NURBS-based isogeometric analysis},
	Volume = {284},
	Year = {2015}}

@article{DeBoor:1973,
	Author = {de Boor, Carl and Fix, George J},
	Date-Added = {2015-06-17 14:48:23 +0000},
	Date-Modified = {2015-06-17 15:02:48 +0000},
	Journal = {Journal of Approximation Theory},
	Number = {1},
	Pages = {19--45},
	Publisher = {Elsevier},
	Title = {Spline approximation by quasiinterpolants},
	Volume = {8},
	Year = {1973}}

@article{DeBoor:1978,
	Author = {De Boor, Carl},
	Date-Added = {2015-06-17 14:41:36 +0000},
	Date-Modified = {2015-06-17 14:57:37 +0000},
	Journal = {Mathematics of Computation},
	Title = {A practical guide to splines},
	Year = {1978}}

@article{Lipton:2010,
	Author = {Lipton, Scott and Evans, John A and Bazilevs, Yuri and Elguedj, Thomas and Hughes, Thomas JR},
	Date-Added = {2015-06-17 14:32:57 +0000},
	Date-Modified = {2015-06-17 15:02:34 +0000},
	Journal = {Computer Methods in Applied Mechanics and Engineering},
	Number = {5},
	Pages = {357--373},
	Publisher = {Elsevier},
	Title = {Robustness of isogeometric structural discretizations under severe mesh distortion},
	Volume = {199},
	Year = {2010}}

@article{Collier:2012,
	Author = {Collier, Nathan and Pardo, David and Dalcin, Lisandro and Paszynski, Maciej and Calo, Victor Manuel},
	Date-Added = {2015-06-17 14:32:32 +0000},
	Date-Modified = {2015-06-17 15:03:22 +0000},
	Journal = {Computer Methods in Applied Mechanics and Engineering},
	Pages = {353--361},
	Publisher = {Elsevier},
	Title = {The cost of continuity: a study of the performance of isogeometric finite elements using direct solvers},
	Volume = {213},
	Year = {2012}}

@article{Cottrell:2006,
	Author = {Cottrell, JA and Reali, A and Bazilevs, Y and Hughes, TJR},
	Date-Added = {2015-06-17 14:14:51 +0000},
	Date-Modified = {2015-06-17 15:00:02 +0000},
	Journal = {Computer methods in applied mechanics and engineering},
	Number = {41},
	Pages = {5257--5296},
	Publisher = {Elsevier},
	Title = {Isogeometric analysis of structural vibrations},
	Volume = {195},
	Year = {2006}}

@book{Cottrell:2009,
	Author = {Cottrell, J Austin and Hughes, Thomas JR and Bazilevs, Yuri},
	Date-Added = {2015-06-17 14:14:37 +0000},
	Date-Modified = {2015-06-17 15:00:16 +0000},
	Publisher = {John Wiley \&amp; Sons},
	Title = {Isogeometric analysis: toward integration of CAD and FEA},
	Year = {2009}}

@article{Hughes:2005,
	Author = {Hughes, Thomas JR and Cottrell, John A and Bazilevs, Yuri},
	Date-Added = {2015-06-17 14:14:17 +0000},
	Date-Modified = {2015-06-17 14:59:50 +0000},
	Journal = {Computer methods in applied mechanics and engineering},
	Number = {39},
	Pages = {4135--4195},
	Publisher = {Elsevier},
	Title = {Isogeometric analysis: CAD, finite elements, NURBS, exact geometry and mesh refinement},
	Volume = {194},
	Year = {2005}}
